<?xml version="1.0" encoding="UTF-8"?>
<collection
  xmlns:xsi="http://www.w3.org/2001/XMLSchema-instance"
  xsi:schemaLocation="http://www.loc.gov/MARC21/slim http://www.loc.gov/standards/marcxml/schema/MARC21slim.xsd"
  xmlns="http://www.loc.gov/MARC21/slim">

<record>
  <leader>06086ckdaa2200805 a 4500</leader>
  <controlfield tag="001">3462523</controlfield>
  <controlfield tag="005">20100226103507.0</controlfield>
  <controlfield tag="008">890630s1921    xx ||| |||||||   1k|eng d</controlfield>
  <datafield tag="035" ind1=" " ind2=" ">
    <subfield code="a">(OCoLC)82117958</subfield>
  </datafield>
  <datafield tag="035" ind1=" " ind2=" ">
    <subfield code="a">(OCoLC)ocm82117958</subfield>
  </datafield>
  <datafield tag="035" ind1=" " ind2=" ">
    <subfield code="a">(CStRLIN)NYDA89-F766</subfield>
  </datafield>
  <datafield tag="035" ind1=" " ind2=" ">
    <subfield code="9">AAA2994AD</subfield>
  </datafield>
  <datafield tag="035" ind1=" " ind2=" ">
    <subfield code="a">(NNC)3462523</subfield>
  </datafield>
  <datafield tag="040" ind1=" " ind2=" ">
    <subfield code="a">NNC-A</subfield>
    <subfield code="c">NNC-A</subfield>
    <subfield code="e">gihc</subfield>
  </datafield>
  <datafield tag="043" ind1=" " ind2=" ">
    <subfield code="a">n-us-ca</subfield>
  </datafield>
  <datafield tag="090" ind1=" " ind2=" ">
    <subfield code="i">06/26/01 X</subfield>
    <subfield code="h">01/09/92 N</subfield>
  </datafield>
  <datafield tag="100" ind1="1" ind2=" ">
    <subfield code="a">Greene, Henry Mather,</subfield>
    <subfield code="d">1870-1954.</subfield>
  </datafield>
  <datafield tag="240" ind1="1" ind2="0">
    <subfield code="a">Cordelia A. Culbertson house (Pasadena, Calif.).</subfield>
    <subfield code="p">Additions.</subfield>
    <subfield code="p">Lathhouse, etc.</subfield>
  </datafield>
  <datafield tag="245" ind1="1" ind2="0">
    <subfield code="a">Lathhouse, gate, chair[s], planting plan[s for] property of Mrs. F.F. Prentiss, Pasadena, [Calif.]</subfield>
    <subfield code="h">[graphic] /</subfield>
    <subfield code="c">Henry M. Greene, Architect.</subfield>
  </datafield>
  <datafield tag="260" ind1=" " ind2=" ">
    <subfield code="c">[19]21</subfield>
  </datafield>
  <datafield tag="300" ind1=" " ind2=" ">
    <subfield code="a">20 sheets :</subfield>
    <subfield code="b">various media ;</subfield>
    <subfield code="c">105.6 x 90.0 cm. (41 5/8 x 35 3/4 in.) or smaller.</subfield>
  </datafield>
  <datafield tag="500" ind1=" " ind2=" ">
    <subfield code="a">Scale varies.</subfield>
  </datafield>
  <datafield tag="500" ind1=" " ind2=" ">
    <subfield code="a">Bracketed title elements supplied by cataloger or taken from inventory.</subfield>
  </datafield>
  <datafield tag="500" ind1=" " ind2=" ">
    <subfield code="a">"Along with their other projects during the 1920's, Charles and Henry were each involved in various additional designs for Mrs. Francis F. Prentiss who had now become as much identified with the Cordelia A. Culbertson house as the Culbertsons themselves" -- Greene &amp; Greene, architecture as a fine art, by Randell L. Makinson, Salt Lake City, Peregrine Smith, 1977, p. 261.</subfield>
  </datafield>
  <datafield tag="500" ind1=" " ind2=" ">
    <subfield code="a">Set includes 6 sheets of yellow paper with notes on plants and other items for the garden. These sheets were neither assigned accession nos. nor photographed.</subfield>
  </datafield>
  <datafield tag="500" ind1=" " ind2=" ">
    <subfield code="a">This set consists of 12 drawings, graphite on tracing paper; 3 drawings, ink on linen; 3 drawings, graphite on paper; 2 drawings, blueprints on paper; and 1 drawing, graphite and crayon with ink markings on tracing paper.</subfield>
  </datafield>
  <datafield tag="561" ind1=" " ind2=" ">
    <subfield code="a">Gift of Jean Murray Bangs (Mrs. Harwell Hamilton Harris), 1960; formerly the collection of Charles Sumner Greene.</subfield>
  </datafield>
  <datafield tag="580" ind1=" " ind2=" ">
    <subfield code="a">Forms part of the Greene &amp; Greene architectural drawings and photographs, job no. 420. Dept. of Drawings &amp; Archives, Avery Architectural and Fine Arts Library.</subfield>
  </datafield>
  <datafield tag="650" ind1=" " ind2="7">
    <subfield code="a">Houses.</subfield>
    <subfield code="2">aat</subfield>
  </datafield>
  <datafield tag="650" ind1=" " ind2="7">
    <subfield code="a">Lathhouses.</subfield>
    <subfield code="2">aat</subfield>
  </datafield>
  <datafield tag="650" ind1=" " ind2="7">
    <subfield code="a">Gates.</subfield>
    <subfield code="2">aat</subfield>
  </datafield>
  <datafield tag="650" ind1=" " ind2="7">
    <subfield code="a">Chairs.</subfield>
    <subfield code="2">aat</subfield>
  </datafield>
  <datafield tag="655" ind1=" " ind2="7">
    <subfield code="a">Detail drawings.</subfield>
    <subfield code="2">aat</subfield>
  </datafield>
  <datafield tag="655" ind1=" " ind2="7">
    <subfield code="a">Sketches.</subfield>
    <subfield code="2">aat</subfield>
  </datafield>
  <datafield tag="655" ind1=" " ind2="7">
    <subfield code="a">Planting plans.</subfield>
    <subfield code="2">aat</subfield>
  </datafield>
  <datafield tag="655" ind1=" " ind2="7">
    <subfield code="a">Architectural drawings</subfield>
    <subfield code="x">American.</subfield>
    <subfield code="2">aat</subfield>
  </datafield>
  <datafield tag="655" ind1=" " ind2="7">
    <subfield code="a">Orthographic drawings.</subfield>
    <subfield code="2">aat</subfield>
  </datafield>
  <datafield tag="651" ind1=" " ind2="0">
    <subfield code="a">Pasadena (Calif.)</subfield>
  </datafield>
  <datafield tag="610" ind1="2" ind2="0">
    <subfield code="a">Cordelia A. Culbertson house (Pasadena, Calif.)</subfield>
  </datafield>
  <datafield tag="610" ind1="2" ind2="0">
    <subfield code="a">Francis F. Prentiss house (Pasadena, Calif.)</subfield>
  </datafield>
  <datafield tag="650" ind1=" " ind2="0">
    <subfield code="a">Architecture</subfield>
    <subfield code="z">United States</subfield>
    <subfield code="v">Designs and plans.</subfield>
  </datafield>
  <datafield tag="700" ind1="1" ind2=" ">
    <subfield code="a">Prentiss, Francis F.</subfield>
  </datafield>
  <datafield tag="710" ind1="2" ind2=" ">
    <subfield code="a">Greene &amp; Greene.</subfield>
  </datafield>
  <datafield tag="740" ind1="0" ind2=" ">
    <subfield code="a">Francis F. Prentiss house (Pasadena, Calif.)</subfield>
  </datafield>
  <datafield tag="755" ind1=" " ind2=" ">
    <subfield code="a">Ink drawings.</subfield>
    <subfield code="2">aat</subfield>
  </datafield>
  <datafield tag="755" ind1=" " ind2=" ">
    <subfield code="a">Blueprints.</subfield>
    <subfield code="2">aat</subfield>
  </datafield>
  <datafield tag="755" ind1=" " ind2=" ">
    <subfield code="a">Crayon drawings.</subfield>
    <subfield code="2">aat</subfield>
  </datafield>
  <datafield tag="799" ind1="4" ind2="1">
    <subfield code="a">The Greene &amp; Greene collection of architectural drawings.</subfield>
  </datafield>
  <datafield tag="789" ind1="0" ind2=" ">
    <subfield code="1">[1]</subfield>
    <subfield code="i">NYDA.1960.001.03228.</subfield>
    <subfield code="t">Lathhouse on north property -- plan ; section (void) ; south [elevation] ; west [elevation] (void) :</subfield>
    <subfield code="n">Sheet no. 1</subfield>
  </datafield>
  <datafield tag="789" ind1="0" ind2=" ">
    <subfield code="1">[2]</subfield>
    <subfield code="i">NYDA.1960.001.03203.</subfield>
    <subfield code="t">Lathhouse on north property -- plan, section "A-B", south [elevation], west [elevation], north [elevation], east [elevation] :</subfield>
    <subfield code="n">Sheet no. 4.</subfield>
  </datafield>
  <datafield tag="789" ind1="0" ind2=" ">
    <subfield code="1">[3]</subfield>
    <subfield code="i">NYDA.1960.001.03229.</subfield>
    <subfield code="t">Lathhouse on north property -- plan, section "A-B", south [elevation], west [elevation], north [elevation], east [elevation] :</subfield>
    <subfield code="n">Sheet no. 5.</subfield>
  </datafield>
  <datafield tag="789" ind1="0" ind2=" ">
    <subfield code="1">[4]</subfield>
    <subfield code="i">NYDA.1960.001.01892.</subfield>
    <subfield code="t">[Detail drawings of lathhouse] --section through wall, hows[?] end of beams, plant tables, plate splice.</subfield>
  </datafield>
  <datafield tag="789" ind1="0" ind2=" ">
    <subfield code="1">[5]</subfield>
    <subfield code="i">NYDA.1960.001.01893.</subfield>
    <subfield code="t">[Elevations of lathhouse] -- east, north.</subfield>
  </datafield>
  <datafield tag="789" ind1="0" ind2=" ">
    <subfield code="1">[6]</subfield>
    <subfield code="i">NYDA.1960.001.01894.</subfield>
    <subfield code="t">[Lathhouse] -- section "A-B", west [elevation]. "Revised grades &amp; footings."</subfield>
  </datafield>
  <datafield tag="789" ind1="0" ind2=" ">
    <subfield code="1">[7]</subfield>
    <subfield code="i">NYDA.1960.001.03230.</subfield>
    <subfield code="t">Gate to service yard -- plan, elevation :</subfield>
    <subfield code="n">Sheet no. 1.</subfield>
  </datafield>
  <datafield tag="789" ind1="0" ind2=" ">
    <subfield code="1">[8]</subfield>
    <subfield code="i">NYDA.1960.001.03227.</subfield>
    <subfield code="t">[Gate to service yard -- plan, elevation]</subfield>
  </datafield>
  <datafield tag="789" ind1="0" ind2=" ">
    <subfield code="1">[9]</subfield>
    <subfield code="i">NYDA.1960.001.03231.</subfield>
    <subfield code="t">Details [of] lathhouse on north property -- [section through roof, section through wall footing, section and] part plan [of] plant tables, F.S. detail [of projecting beam, detail which] shows end of beams, [detail of] plate splice :</subfield>
    <subfield code="n">Sheet no. 6[?].</subfield>
    <subfield code="o">Encapsulated in mylar.</subfield>
  </datafield>
  <datafield tag="789" ind1="0" ind2=" ">
    <subfield code="1">[10]</subfield>
    <subfield code="i">NYDA.1960.001.03232.</subfield>
    <subfield code="t">Details [of] lathhouse on north property -- [section through roof, section through wall footing, section and] part plan [of] plant tables, F.S. detail [of projecting beam, detail which] shows end of beams, [detail of] plate splice :</subfield>
    <subfield code="n">Sheet no. 6.</subfield>
  </datafield>
  <datafield tag="789" ind1="0" ind2=" ">
    <subfield code="1">[11]</subfield>
    <subfield code="i">NYDA.1960.001.03233.</subfield>
    <subfield code="t">Details of gate -- elevation, plan, section ; F.S. of top of hinge stile, plan of top, F.S. of bottom of hinge stile ; F.S.D. of latch :</subfield>
    <subfield code="n">Sheet no. 2.</subfield>
  </datafield>
  <datafield tag="789" ind1="0" ind2=" ">
    <subfield code="1">[12]</subfield>
    <subfield code="i">NYDA.1960.001.03234.</subfield>
    <subfield code="t">[Details of gate] -- elevation, plan, section ; F.S. of top of hinge stile, plan of top, F.S. of bottom of hinge stile ; [F.S.D. of latch, rough sketch of latch]</subfield>
  </datafield>
  <datafield tag="789" ind1="0" ind2=" ">
    <subfield code="1">[13]</subfield>
    <subfield code="i">NYDA.1960.001.03204.</subfield>
    <subfield code="t">[Sketches of gate details],</subfield>
    <subfield code="d">measurements 11/28/21, /</subfield>
    <subfield code="c">L.E.W.</subfield>
  </datafield>
  <datafield tag="789" ind1="0" ind2=" ">
    <subfield code="1">[14]</subfield>
    <subfield code="i">NYDA.1960.001.03235.</subfield>
    <subfield code="t">Full size details of chair -- half front [elevation with] plan[s and] section[s], side [elevation with] section, part plan at level of seat :</subfield>
    <subfield code="n">Sheet no. 3.</subfield>
  </datafield>
  <datafield tag="789" ind1="0" ind2=" ">
    <subfield code="1">[15]</subfield>
    <subfield code="i">NYDA.1960.001.03236.</subfield>
    <subfield code="t">Bedroom desk chair [details] -- back leg (side view), curve of front of seat (taken on bottom of rail), [unidentified sketches],</subfield>
    <subfield code="d">measurements 9/29/21.</subfield>
  </datafield>
  <datafield tag="789" ind1="0" ind2=" ">
    <subfield code="1">[16]</subfield>
    <subfield code="i">NYDA.1960.001.03237.</subfield>
    <subfield code="t">Front [and] side [elevations of chair]</subfield>
  </datafield>
  <datafield tag="789" ind1="0" ind2=" ">
    <subfield code="1">[17]</subfield>
    <subfield code="i">NYDA.1960.001.03238R.</subfield>
    <subfield code="t">{Details of] desk chair in bedrm.,</subfield>
    <subfield code="d">9/28/21.</subfield>
  </datafield>
  <datafield tag="789" ind1="0" ind2=" ">
    <subfield code="1">[18]</subfield>
    <subfield code="i">NYDA.1960.001.03238V.</subfield>
    <subfield code="t">[Detail sketch of ornamental wood carving].</subfield>
    <subfield code="o">"Curved form hard mahogany".</subfield>
  </datafield>
  <datafield tag="789" ind1="0" ind2=" ">
    <subfield code="1">[19]</subfield>
    <subfield code="i">NYDA.1960.001.03239.</subfield>
    <subfield code="t">Planting plan for north lot :</subfield>
    <subfield code="n">Sheet no. 6.</subfield>
    <subfield code="o">"Note -- crosshatched trees are in place".</subfield>
  </datafield>
  <datafield tag="789" ind1="0" ind2=" ">
    <subfield code="1">[20]</subfield>
    <subfield code="i">NYDA.1960.001.03240.</subfield>
    <subfield code="t">Planting plan for north lot :</subfield>
    <subfield code="n">Sheet no. 6.</subfield>
  </datafield>
  <datafield tag="789" ind1="0" ind2=" ">
    <subfield code="1">[21]</subfield>
    <subfield code="i">NYDA.1960.001.03241.</subfield>
    <subfield code="t">[Side view of grounds showing tree position]</subfield>
  </datafield>
  <datafield tag="900" ind1=" " ind2=" ">
    <subfield code="a">AUTH</subfield>
  </datafield>
</record>

</collection>